@misc{juce,
  author = {Various},
  title = {JUCE},
  year = {2018},
  publisher = {GitHub},
  journal = {GitHub repository},
  howpublished = {\url{https://github.com/WeAreROLI/JUCE}}
}

@misc{omipod,
  author = {OMI},
  title = {OMIPOD},
  year = {2018},
  publisher = {GitHub},
  journal = {GitHub repository},
  howpublished = {\url{https://github.com/Yale-OMI/OMI-Pod}}
}

@inproceedings{SantolucitoFARM,
 author = {Santolucito, Mark and Rogers, Kate and Lombardo, Aedan and Piskac, Ruzica},
 title = {Programming-by-example for Audio: Synthesizing Digital Signal Processing Programs},
 booktitle = {Proceedings of the 6th ACM SIGPLAN International Workshop on Functional Art, Music, Modeling, and Design},
 series = {FARM 2018},
 year = {2018},
 isbn = {978-1-4503-5856-9},
 location = {St. Louis, MO, USA},
 pages = {18--25},
 numpages = {8},
 url = {http://doi.acm.org/10.1145/3242903.3242906},
 doi = {10.1145/3242903.3242906},
 acmid = {3242906},
 publisher = {ACM},
 address = {New York, NY, USA},
 keywords = {Computer Music}
} 
